<?xml version="1.0" encoding="UTF-8"?><collection xmlns="http://www.loc.gov/MARC21/slim"><record><leader>00365nam--2200121-i-4500</leader><controlfield tag="001">000021233</controlfield><controlfield tag="002">20161230</controlfield><controlfield tag="005">20161230201034</controlfield><controlfield tag="008">060222s1000------------r-----000-0-eng-d</controlfield><datafield ind1=" " ind2=" " tag="100"><subfield code="a">Jauncey, G.E.M</subfield></datafield><datafield ind1=" " ind2=" " tag="245"><subfield code="a">Modern physics. a second course in college physics. third edition</subfield></datafield><datafield ind1=" " ind2=" " tag="260"><subfield code="a">Toronto, New York, ..., D.Vand Nostrand Co.Inc., 1948, Xiii + 561p</subfield></datafield><datafield ind1=" " ind2=" " tag="852"><subfield code="a">332</subfield></datafield></record></collection>